% This file was created with JabRef 2.10b2.
% Encoding: UTF8

@online{Datapoint,
  author    = {Asociace KNX},
  title     = {Datapoint Type},
  note      = {[cit. 2021-12-23]},
  url       = {https://support.knx.org/hc/en-us/articles/115001133744-Datapoint-Type},
}

@online{KNXhistory,
  author    = {Asociace KNX},
  title     = {A History of KNX},
  note      = {[cit. 2021-10-01]},
  url       = {https://crelectrics.com.au/wp-content/uploads/2015/05/a_history_of_KNX.pdf},
}

@online{KNXbasics,
  author    = {Asociace KNX},
  title     = {KNX Basics},
  note      = {[cit. 2021-10-01]},
  url       = {https://www.knx.org/wAssets/docs/downloads/Marketing/Flyers/KNX-Basics/KNX-Basics_cz.pdf},
}

@online{KNXprinciples,
  author    = {Asociace KNX},
  title     = {Principy systému KNX},
  note      = {[cit. 2021-10-01]},
  url       = {https://knxcz.cz/images/clanky/KNX-System-Principles_cz.pdf},
}

@online{KNXSecure,
  author    = {Asociace KNX},
  title     = {KNX Secure Devices},
  note      = {[cit. 2021-12-23]},
  url       = {https://support.knx.org/hc/en-us/articles/360000216419-KNX-Secure-Devices},
}

@standard{Celkovyprehled,
  author    = {Asociace KNX},
  title     = {ISO/IEC 14543-3. KNX Celkový přehled.},
  note      = {[cit. 2021-12-23]},
}

@standard{SystemoveArgumenty,
  author    = {Asociace KNX},
  title     = {ISO/IEC 14543-3. KNX Systémové argumenty.},
  note      = {[cit. 2021-12-23]},
}

@standard{Topologie,
  author    = {Asociace KNX},
  title     = {ISO/IEC 14543-3. KNX TP Topologie.},
  note      = {[cit. 2021-12-23]},
}

@masterthesis{Mitrenga,
  author    = {MITRENGA, Michal},
  title     = {Realizace demonstrativního panelu inteligentní elektroinstalace KNX},
  School    = {Vysoké učení technické v Brně. Fakulta elektrotechniky a komunikačních technologií},
  Year      = {2021},
  note      = {[cit. 2021-12-26]},
  url       = {https://www.vutbr.cz/studenti/zav-prace/detail/134788},
}

@online{FLOWBOX,
  author    = {flowbox.com},
  title     = {Flowbox – Řídicí systém},
  note      = {[cit. 2021-12-28]},
  url       = {https://www.flowbox.com},
}

@online{ABB,
  author    = {ABB},
  title     = {SBR/U6.0.1-84},
  note      = {[cit. 2021-12-28]},
  url       = {https://new.abb.com/products/2CKA006330A0004/sbr-u6-0-1-84},
}

@online{ABBaktor1,
  author    = {ABB},
  title     = {SA/S8.10.2.1},
  note      = {[cit. 2021-12-28]},
  url       = {https://new.abb.com/products/2CDG110157R0011/sa-s8-10-2-1},
}

@online{ABBaktor2,
  author    = {ABB},
  title     = {JRA/S4.230.2.1},
  note      = {[cit. 2021-12-28]},
  url       = {https://new.abb.com/products/2CDG110121R0011/jra-s4-230-2-1},
}

@online{Basalte,
  author    = {Basalte},
  title     = {Sentido aluminium – quad – Brushed black},
  note      = {[cit. 2021-12-28]},
  url       = {https://www.knxstore.cz/domu/1000403-basalte-sentido-aluminium-quad-brushed-black-5425025030224.html},
}

@online{BEG,
  author    = {B.E.G},
  title     = {Indoor 140-L-KNX-DX},
  note      = {[cit. 2021-12-28]},
  url       = {https://www.beg-luxomat.com/cz/produkty/luxomatnet/knx/knx-gen6-deluxe-pritomnostni-detektor/indoor-140-l-knx-dx/},
}

@online{Berker,
  author    = {Berker},
  title     = {B.IQ push-button 3gang with thermostat Display, KNX},
  note      = {[cit. 2021-12-28]},
  url       = {https://www.berker.com/en/e-catalogue/building-management-systems/knx-systems/berker-knx-system/b.iq-push-buttons-with-thermostat/75663593/355802.htm?lang=en},
}

@online{Ekinex,
  author    = {EKINEX},
  title     = {Pushbutton with thermostat},
  note      = {[cit. 2021-12-28]},
  url       = {https://www.ekinex.com/en/15/pushbutton-with-thermostat.html},
}

@online{HDL,
  author    = {HDL},
  title     = {M/TBP6.1-A2-46 – Ovládací prvek 6násobný iTouch, bílá},
  note      = {[cit. 2021-12-28]},
  url       = {https://b2b.hdl-automation.cz/cz/produkty/knx/ovladaci-prvky-hdl/ovladaci-prvky-itouch/hdl-m-tbp6-1-a2-46},
}

@online{HDLaktor1,
  author    = {HDL},
  title     = {M/R8.10.1 – 8CH 10A High Power Switch Actuator},
  note      = {[cit. 2021-12-28]},
  url       = {https://b2b.hdl-automation.cz/en/products/knx/switching-actuators/hdl-m-r8-10-1},
}

@online{HDLaktor2,
  author    = {HDL},
  title     = {M/DRGW4.1 – Akční člen stmívací LED 4násobný, 7 A},
  note      = {[cit. 2021-12-28]},
  url       = {https://b2b.hdl-automation.cz/cz/produkty/knx/akcni-cleny-stmivaci/hdl-m-drgbw4-1},
}

@online{Siemens,
  author    = {SIEMENS},
  title     = {QMX3.P37 – Prostorový KNX přístroj, displej pro regulaci HVAC, čidlo teploty, konfigurovatelná tlačítka pro osvětlení/žaluzie/scény},
  note      = {[cit. 2021-12-28]},
  url       = {https://hit.sbt.siemens.com/RWD/app.aspx?RC=CZ&lang=cs&MODULE=Catalog&ACTION=ShowProduct&KEY=S55624-H108},
}

@online{SiemensIP,
  author    = {SIEMENS},
  title     = {5WG1 146-1AB03 – KNX IP Interface},
  note      = {[cit. 2021-12-28]},
  url       = {https://www.hqs.sbt.siemens.com/cps_product_data/data/search_find_en.htm?ssn=5WG11461AB03},
}

@online{Simon,
  author    = {Simon},
  title     = {Standard button box 4 functions white Simon 82 Sense},
  note      = {[cit. 2021-12-28]},
  url       = {https://www.simonelectric.com/intl/8000641-030-standard-button-box-4-functions-white-simon-82-sense.html},
}

@online{Weinzier,
  author    = {Weinzier},
  title     = {KNX IP BAOS 774},
  note      = {[cit. 2021-12-28]},
  url       = {https://www.weinzierl.de/index.php/en/all-knx/knx-devices-en/knx-ip-baos-774-en},
}

@online{Weinzier_ob,
  author    = {Weinzier},
  title     = {KNX IP BAOS 774 / Rozhraní BAOS do 1000 bodů},
  note      = {[cit. 2021-12-28]},
  url       = {https://knx-trade.ru/weinzierl/597-5263.html},
}

